<?xml version="1.0" encoding="UTF-8"?><collection xmlns="http://www.loc.gov/MARC21/slim"><record><leader>00586nam--2200181-i-4500</leader><controlfield tag="001">000011078</controlfield><controlfield tag="002">20161230</controlfield><controlfield tag="005">20161230201029</controlfield><controlfield tag="008">060222s1000------------r-----000-0-eng-d</controlfield><datafield ind1=" " ind2=" " tag="040"><subfield code="a">IFIN-HH</subfield></datafield><datafield ind1=" " ind2=" " tag="080"><subfield code="a">530.145(091):537.86(091)</subfield></datafield><datafield ind1="1" ind2=" " tag="100"><subfield code="a">Bitter, Francis</subfield></datafield><datafield ind1="1" ind2="0" tag="245"><subfield code="a">Fields and particles. an introduction to electromagnetic wave phenomena and quantum physics</subfield><subfield code="c">Francis bitter, heinrich a. medicus</subfield></datafield><datafield ind1=" " ind2=" " tag="260"><subfield code="a">New York</subfield><subfield code="b">American Elsevier Publ.Co. Inc</subfield><subfield code="c">1973</subfield></datafield><datafield ind1=" " ind2=" " tag="300"><subfield code="a">XIII + 688 P</subfield></datafield><datafield ind1="1" ind2=" " tag="700"><subfield code="a">Medicus, Heinrich A</subfield></datafield><datafield ind1=" " ind2=" " tag="852"><subfield code="a">40932</subfield><subfield code="c">53.01</subfield></datafield><datafield ind1=" " ind2=" " tag="CAT"><subfield code="a">Sys</subfield><subfield code="c">20151014</subfield><subfield code="h">084137</subfield></datafield></record></collection>